@article{koppel2017breaking,
    title   = {Breaking bellman’s curse of dimensionality: Efficient kernel gradient temporal difference},
    author  = {Koppel, Alec and Warnell, G and Stump, E and Stone, P and Ribeiro, Alejandro},
    journal = {arXiv preprint arXiv:1709.04221},
    year    = {2017}
}

@misc{stackexchange_nball,
    title        = {n-Ball Volume and surface with n → ∞},
    author       = {Contributors, StackExchange},
    year         = {2023},
    howpublished = {\url{https://math.stackexchange.com/questions/584774/n-ball-volume-and-surface-with-n-rightarrow-infty}},
    note         = {Accessed: 2023-11-08}
}

@misc{kaist_lec8,
    title        = {Lecture 8: High-dimensional Space},
    author       = {KAIST},
    year         = {2021},
    howpublished = {\url{https://alinlab.kaist.ac.kr/resource/2021_AI503_Lec8.pdf}},
    note         = {Accessed: 2023-11-08}
}
